@inproceedings{morehead2023ssl,
  title={Semi-Supervised Graph Learning Meets Dimensionality Reduction},
  author={Morehead, Alex and Chantapakul, Watchanan and Cheng, Jianlin},
  booktitle={IEEE International Conference on Machine Learning and Applications},
  year={2023}
}
